@online{oleafbeamer,
        title   = "Beamer - Overleaf, Online LaTeX Editor",
        url     = "https://www.overleaf.com/learn/latex/Beamer",
        keywords= "latex"
}
@online{present-code,
        author  = "Uri Nativ",
        title   = "How to present code.",
        date    = "2016",
        url     = "https://www.slideshare.net/LookAtMySlides/codeware",
        keywords= "latex"
}
@online{present-latex,
        author  = "Филипп Кулин",
        title   = "Пишем презентации в LaTeX",
        date    = "2019-10-14",
        url     = "https://habr.com/ru/post/471352/",
        keywords= "latex"
}
@online{go-spec,
        title   = "The Go Programming Language Specification",
        url     = "https://go.dev/ref/spec",
        keywords= "doc"
}
@online{go-effective,
        title   = "Effective Go",
        url     = "https://go.dev/doc/effective_go",
        keywords= "doc"
}
@online{map-blog,
        title   = "Go maps in action",
        url     = "https://go.dev/blog/maps",
        date    = "2013-02-06",
        keywords= "blog"
}
@online{map-efficiently,
        author  = "Dave Cheney",
        title   = "How the Go runtime implements maps efficiently (without generics)",
        url     = "https://dave.cheney.net/2018/05/29/how-the-go-runtime-implements-maps-efficiently-without-generics",
        date    = "2018-05-29",
        keywords= "blog"
}
@online{map-,
        author  = "Dave Cheney",
        title   = "If a map isn’t a reference variable, what is it?",
        url     = "https://dave.cheney.net/2017/04/30/if-a-map-isnt-a-reference-variable-what-is-it",
        date    = "2017-04-30",
        keywords= "blog"
}

